% This file was created with JabRef 2.10.
% Encoding: GBK


@Article{Agarwala:2004,
  Title                    = {Keyframe-based Tracking for Rotoscoping and Animation},
  Author                   = {Agarwala, Aseem and Hertzmann, Aaron and Salesin, David H. and Seitz, Steven M.},
  Journal                  = {ACM Trans. Graph.},
  Year                     = {2004},
  Number                   = {3},
  Pages                    = {584--591},
  Volume                   = {23},

  Acmid                    = {1015764},
  Address                  = {New York, NY, USA},
  ISSN                     = {0730-0301},
  Issue_date               = {August 2004},
  Keywords                 = {non-photorealistic rendering, rotoscoping, tracking, user-guided optimization, video editing},
  Numpages                 = {8},
  Publisher                = {ACM}
}

@InProceedings{Amberg:2011,
  Title                    = {GraphTrack: Fast and globally optimal tracking in videos},
  Author                   = {B. Amberg and T. Vetter},
  Booktitle                = {CVPR 2011},
  Year                     = {2011},
  Pages                    = {1209-1216},

  ISSN                     = {1063-6919},
  Keywords                 = {object tracking;probability;search problems;video signal processing;GraphTrack;deferred cost evaluation;greedy search strategy;offline tracking algorithm;online tracking;optimal tracking;video post-production;Cost function;Feature extraction;Markov processes;Mathematical model;Real time systems;Tracking;Videos}
}

@Article{Artner:2011,
  Title                    = {Multi-scale 2D tracking of articulated objects using hierarchical spring systems},
  Author                   = {Nicole M. Artner and Adrian Ion and Walter G. Kropatsch},
  Journal                  = {Pattern Recognition },
  Year                     = {2011},
  Number                   = {9},
  Pages                    = {1969 - 1979},
  Volume                   = {44},

  ISSN                     = {0031-3203},
  Keywords                 = {2D tracking}
}

@Article{Au2012,
  Title                    = {{Multitouch Gestures for Constrained Transformation of 3D Objects}},
  Author                   = {Au, Oscar Kin-Chung and Tai, Chiew-Lan and Fu, Hongbo},
  Journal                  = {Computer Graphics Forum (Eurographics 2012)},
  Year                     = {2012}
}

@Article{Benard:2013,
  Title                    = {Stylizing Animation by Example},
  Author                   = {B{\'e}nard, Pierre and Cole, Forrester and Kass, Michael and Mordatch, Igor and Hegarty, James and Senn, Martin Sebastian and Fleischer, Kurt and Pesare, Davide and Breeden, Katherine},
  Journal                  = {ACM Trans. Graph.},
  Year                     = {2013},
  Number                   = {4},
  Pages                    = {119:1--119:12},
  Volume                   = {32},

  Acmid                    = {2461929},
  Address                  = {New York, NY, USA},
  Articleno                = {119},
  ISSN                     = {0730-0301},
  Issue_date               = {July 2013},
  Keywords                 = {keyframe, non-photorealistic rendering, temporal coherence, texture synthesis},
  Numpages                 = {12},
  Publisher                = {ACM}
}

@InBook{BÃ©nard:2013,
  Title                    = {Temporally Coherent Video Stylization},
  Author                   = {B{\'e}nard, Pierre and Thollot, Jo{\"e}lle and Collomosse, John},
  Editor                   = {Rosin, Paul and Collomosse, John},
  Pages                    = {257--284},
  Publisher                = {Springer London},
  Year                     = {2013},

  Address                  = {London},

  Booktitle                = {Image and Video-Based Artistic Stylisation},
  Doi                      = {10.1007/978-1-4471-4519-6_13},
  ISBN                     = {978-1-4471-4519-6},
  Url                      = {http://dx.doi.org/10.1007/978-1-4471-4519-6_13}
}

@InProceedings{belongie2000shape,
  Title                    = {Shape context: A new descriptor for shape matching and object recognition},
  Author                   = {Belongie, Serge and Malik, Jitendra and Puzicha, Jan},
  Booktitle                = {Nips},
  Year                     = {2000},
  Number                   = {2000},
  Volume                   = {2}
}

@InProceedings{ben2015line,
  Title                    = {Line-Drawing Video Stylization},
  Author                   = {Ben-Zvi, Nir and Bento, Jose and Mahler, Moshe and Hodgins, Jessica and Shamir, Ariel},
  Booktitle                = {Computer Graphics Forum},
  Year                     = {2015},
  Number                   = {6},
  Pages                    = {18--32},
  Volume                   = {35}
}

@InProceedings{Bregler:2002,
  Title                    = {Turning to the Masters: Motion Capturing Cartoons},
  Author                   = {Bregler, Christoph and Loeb, Lorie and Chuang, Erika and Deshpande, Hrishi},
  Booktitle                = {SIGGRAPH '02},
  Year                     = {2002},
  Pages                    = {399--407},

  ISBN                     = {1-58113-521-1},
  Location                 = {San Antonio, Texas},
  Numpages                 = {9}
}

@InProceedings{Buchanan:2006,
  Title                    = {Interactive Feature Tracking using K-D Trees and Dynamic Programming},
  Author                   = {A. Buchanan and A. Fitzgibbon},
  Booktitle                = {CVPR'06},
  Year                     = {2006},
  Pages                    = {626-633},
  Volume                   = {1},

  ISSN                     = {1063-6919},
  Keywords                 = {Computer vision;Dynamic programming;Feathers;Image coding;Image motion analysis;Mice;Optical films;Radio access networks;Robustness;Tracking}
}

@Article{Cai:2014,
  Title                    = {Robust Deformable and Occluded Object Tracking With Dynamic Graph},
  Author                   = {Z. Cai and L. Wen and Z. Lei and N. Vasconcelos and S. Z. Li},
  Journal                  = {IEEE Transactions on Image Processing},
  Year                     = {2014},
  Number                   = {12},
  Pages                    = {5497-5509},
  Volume                   = {23},

  ISSN                     = {1057-7149},
  Keywords                 = {Markov processes;computer graphics;graph theory;image segmentation;object tracking;pattern clustering;spectral analysis;DGT;Markov random field;appearance information;candidate graph;dynamic graph-based tracker;dynamic target graph;dynamic undirected graph;foreground/background segmentation;graph matching;graph representation;nodes encoding inner geometric structure information;occluded object tracking;occlusion;online updating mechanism;robust deformable object tracking;spectral clustering;target state;target structure;target tracking;visual tracking;weighted voting procedure;Color;Robustness;Support vector machines;Target tracking;Visualization;Visual tracking;deformation;dynamic graph;graph matching;occlusion}
}

@Article{Cao:2013,
  Title                    = {3D Shape Regression for Real-time Facial Animation},
  Author                   = {Cao, Chen and Weng, Yanlin and Lin, Stephen and Zhou, Kun},
  Journal                  = {ACM Trans. Graph.},
  Year                     = {2013},
  Number                   = {4},
  Pages                    = {41:1--41:10},
  Volume                   = {32},

  Acmid                    = {2462012},
  Address                  = {New York, NY, USA},
  Articleno                = {41},
  ISSN                     = {0730-0301},
  Issue_date               = {July 2013},
  Keywords                 = {3D avatars, face tracking, facial performance, monocular video tracking, user-specific blendshapes},
  Numpages                 = {10},
  Publisher                = {ACM}
}

@Article{Cehovin:2013,
  Title                    = {Robust Visual Tracking Using an Adaptive Coupled-Layer Visual Model},
  Author                   = {L. Cehovin and M. Kristan and A. Leonardis},
  Journal                  = {IEEE Transactions on Pattern Analysis and Machine Intelligence},
  Year                     = {2013},
  Number                   = {4},
  Pages                    = {941-953},
  Volume                   = {35},

  ISSN                     = {0162-8828},
  Keywords                 = {geometry;object tracking;adaptive coupled-layer visual model;geometric deformation;object tracking;robust visual tracking;Adaptation models;Computational modeling;Robustness;Shape;Target tracking;Visualization;Image processing and computer vision;tracking;Algorithms;Humans;Image Processing, Computer-Assisted;Models, Theoretical;Movement;Video Recording}
}

@InProceedings{chondrogiannis2015alternative,
  Title                    = {Alternative routing: k-shortest paths with limited overlap},
  Author                   = {Chondrogiannis, Theodoros and Bouros, Panagiotis and Gamper, Johann and Leser, Ulf},
  Booktitle                = {Proceedings of the 23rd SIGSPATIAL International Conference on Advances in Geographic Information Systems},
  Year                     = {2015},
  Organization             = {ACM},
  Pages                    = {68}
}

@Article{Chu2005,
  Title                    = {{MoXi}},
  Author                   = {Chu, Nelson S.-H. and Tai, Chiew-Lan},
  Journal                  = {ACM Transactions on Graphics},
  Year                     = {2005},

  Month                    = jul,
  Number                   = {3},
  Pages                    = {504},
  Volume                   = {24},

  Doi                      = {10.1145/1073204.1073221},
  ISSN                     = {07300301},
  Url                      = {http://portal.acm.org/citation.cfm?doid=1073204.1073221}
}

@Article{Chu2004,
  Title                    = {{Real-Time Painting with an Expressive Virtual Chinese Brush}},
  Author                   = {Chu, Nelson S.-H. and Tai, Chiew-Lan},
  Journal                  = {IEEE Computer Graphics and Applications},
  Year                     = {2004},

  Month                    = sep,
  Number                   = {5},
  Pages                    = {76--85},
  Volume                   = {24},

  Doi                      = {10.1109/MCG.2004.37},
  ISSN                     = {0272-1716},
  Url                      = {http://ieeexplore.ieee.org/lpdocs/epic03/wrapper.htm?arnumber=1333630}
}

@InProceedings{Chuang:2005,
  Title                    = {Animating Pictures with Stochastic Motion Textures},
  Author                   = {Chuang, Yung-Yu and Goldman, Dan B and Zheng, Ke Colin and Curless, Brian and Salesin, David H. and Szeliski, Richard},
  Booktitle                = {ACM SIGGRAPH 2005 Papers},
  Year                     = {2005},

  Address                  = {New York, NY, USA},
  Pages                    = {853--860},
  Publisher                = {ACM},
  Series                   = {SIGGRAPH '05},

  Acmid                    = {1073273},
  Doi                      = {10.1145/1186822.1073273},
  Keywords                 = {animation, image-based animation, image-based rendering, natural phenomena, physical simulation, video texture},
  Location                 = {Los Angeles, California},
  Numpages                 = {8},
  Url                      = {http://doi.acm.org/10.1145/1186822.1073273}
}

@Article{Chui2003114,
  Title                    = {A new point matching algorithm for non-rigid registration},
  Author                   = {Haili Chui and Anand Rangarajan},
  Journal                  = {Computer Vision and Image Understanding },
  Year                     = {2003},
  Note                     = {Nonrigid Image Registration },
  Number                   = {2ï¿½ï¿½?3},
  Pages                    = {114 - 141},
  Volume                   = {89},

  Doi                      = {http://dx.doi.org/10.1016/S1077-3142(03)00009-2},
  ISSN                     = {1077-3142},
  Keywords                 = {Registration},
  Url                      = {http://www.sciencedirect.com/science/article/pii/S1077314203000092}
}

@InProceedings{diener:inria-00389326,
  Title                    = {{Hierarchical retargetting of 2D motion fields to the animation of 3D plant models}},
  Author                   = {Diener, Julien and Reveret, Lionel and Fiume, Eugene},
  Booktitle                = {SCA'06},
  Year                     = {2006},

  File                     = {VideoTreesSCA06.pdf:https\://hal.inria.fr/inria-00389326/file/VideoTreesSCA06.pdf:PDF},
  Hal_id                   = {inria-00389326},
  Hal_version              = {v1}
}

@InProceedings{Favreau:2004,
  Title                    = {Animal Gaits from Video},
  Author                   = {Favreau, Laurent and Reveret, Lionel and Depraz, Christine and Cani, Marie-Paule},
  Booktitle                = {Proceedings of the 2004 ACM SIGGRAPH/Eurographics Symposium on Computer Animation},
  Year                     = {2004},

  Address                  = {Aire-la-Ville, Switzerland, Switzerland},
  Pages                    = {277--286},
  Publisher                = {Eurographics Association},
  Series                   = {SCA '04},

  Acmid                    = {1028560},
  Doi                      = {10.1145/1028523.1028560},
  ISBN                     = {3-905673-14-2},
  Keywords                 = {animation from motion/video data, interpolation keyframing, intuitive interfaces for animation},
  Location                 = {Grenoble, France},
  Numpages                 = {10},
  Url                      = {http://dx.doi.org/10.1145/1028523.1028560}
}

@InProceedings{Gingold:2012,
  Title                    = {Diamonds From the Rough: {I}mproving Drawing, Painting, and Singing via Crowdsourcing},
  Author                   = {Yotam Gingold and Etienne Vouga and Eitan Grinspun and Haym Hirsh},
  Booktitle                = {Proceedings of the AAAI Workshop on Human Computation (HCOMP)},
  Year                     = {2012},

  Location                 = {Toronto, Canada}
}

@Book{grauman:2011,
  Title                    = {Visual Object Recognition},
  Author                   = {Grauman, Kristen and Leibe, Bastian},
  Publisher                = {Morgan \& Claypool Publishers},
  Year                     = {2011},
  Number                   = {11}
}

@Article{Guay:2015,
  Title                    = {Space-time Sketching of Character Animation},
  Author                   = {Guay, Martin and Ronfard, R{\'e}mi and Gleicher, Michael and Cani, Marie-Paule},
  Journal                  = {ACM Trans. Graph.},
  Year                     = {2015},
  Number                   = {4},
  Pages                    = {118:1--118:10},
  Volume                   = {34},

  Acmid                    = {2766893},
  Address                  = {New York, NY, USA},
  Articleno                = {118},
  ISSN                     = {0730-0301},
  Issue_date               = {August 2015},
  Keywords                 = {sketch-based animation, space-time, squash-and-stretch, stylized animation},
  Numpages                 = {10},
  Publisher                = {ACM}
}

@InProceedings{6126251,
  Title                    = {Struck: Structured output tracking with kernels},
  Author                   = {S. Hare and A. Saffari and P. H. S. Torr},
  Booktitle                = {2011 International Conference on Computer Vision},
  Year                     = {2011},
  Pages                    = {263-270},

  ISSN                     = {1550-5499},
  Keywords                 = {computer vision;image classification;learning (artificial intelligence);object tracking;pose estimation;support vector machines;adaptive tracking-by-detection method;adaptive visual object tracking;arbitrary object tracking;classification task;computer vision;intermediate classification step;kernelized structured output support vector machine;object position estimation;online learning technique;real-time application;state-of-the-art tracker;structured output prediction;structured output tracking;Kernel;Labeling;Robustness;Support vector machines;Target tracking;Training}
}

@InProceedings{Chris:2008,
  Title                    = {Real-time Motion Retargeting to Highly Varied User-Created Morphologies},
  Author                   = {Chris Hecker and Bernd Raabe and Ryan W. Enslow and John DeWeese and Jordan Maynard and Kees van Prooijen},
  Booktitle                = {Proceedings of ACM SIGGRAPH '08},
  Year                     = {2008}
}

@Article{Hornung:2007,
  Title                    = {Character Animation from 2D Pictures and 3D Motion Data},
  Author                   = {Hornung, Alexander and Dekkers, Ellen and Kobbelt, Leif},
  Journal                  = {ACM Trans. Graph.},
  Year                     = {2007},

  Month                    = jan,
  Number                   = {1},
  Volume                   = {26},

  Acmid                    = {1189763},
  Address                  = {New York, NY, USA},
  Articleno                = {1},
  ISSN                     = {0730-0301},
  Issue_date               = {January 2007},
  Keywords                 = {2D character animation, 3D motion data, as-rigid-as-possible shape manipulation with perspective correction, camera and model pose determination},
  Publisher                = {ACM}
}

@InProceedings{Igarashi:2005,
  Title                    = {As-rigid-as-possible Shape Manipulation},
  Author                   = {Igarashi, Takeo and Moscovich, Tomer and Hughes, John F.},
  Booktitle                = {ACM Trans. Graph.},
  Year                     = {2005},
  Number                   = {3},
  Pages                    = {1134--1141},
  Volume                   = {24},

  Acmid                    = {1073323},
  Location                 = {Los Angeles, California},
  Numpages                 = {8}
}

@Article{Jin:2015,
  Title                    = {{AniMesh: interleaved animation, modeling, and editing}},
  Author                   = {Ming Jin and Dan Gopstein and Yotam Gingold and Andrew Nealen},
  Journal                  = {ACM Trans. Graph (Proceedings of SIGGRAPH Asia 2015)},
  Year                     = {2015},
  Volume                   = {34}
}

@Article{Kass88snakes,
  Title                    = {Snakes: Active contour models},
  Author                   = {Michael Kass and Andrew Witkin and Demetri Terzopoulos},
  Journal                  = {INTERNATIONAL JOURNAL OF COMPUTER VISION},
  Year                     = {1988},
  Number                   = {4},
  Pages                    = {321--331},
  Volume                   = {1}
}

@InProceedings{Kazi:2014b,
  Title                    = {Kitty: Sketching Dynamic and Interactive Illustrations},
  Author                   = {Kazi, Rubaiat Habib and Chevalier, Fanny and Grossman, Tovi and Fitzmaurice, George},
  Booktitle                = {Proceedings of the 27th Annual ACM Symposium on User Interface Software and Technology},
  Year                     = {2014},

  Address                  = {New York, NY, USA},
  Pages                    = {395--405},
  Publisher                = {ACM},
  Series                   = {UIST '14},

  Acmid                    = {2647375},
  Doi                      = {10.1145/2642918.2647375},
  ISBN                     = {978-1-4503-3069-5},
  Keywords                 = {causal animation, interactive illustrations, sketching},
  Location                 = {Honolulu, Hawaii, USA},
  Numpages                 = {11},
  Url                      = {http://doi.acm.org/10.1145/2642918.2647375}
}

@InProceedings{Kazi:2014,
  Title                    = {Draco: Bringing Life to Illustrations with Kinetic Textures},
  Author                   = {Kazi, Rubaiat Habib and Chevalier, Fanny and Grossman, Tovi and Zhao, Shengdong and Fitzmaurice, George},
  Booktitle                = {CHI '14},
  Year                     = {2014},
  Pages                    = {351--360},
  Publisher                = {ACM},

  Acmid                    = {2556987},
  ISBN                     = {978-1-4503-2473-1},
  Keywords                 = {animation, direct manipulation, kinetic textures, sketching},
  Location                 = {Toronto, Ontario, Canada},
  Numpages                 = {10}
}

@InProceedings{Kazi:2016,
  Title                    = {Motion Amplifiers: Sketching Dynamic Illustrations Using the Principles of 2D Animation},
  Author                   = {Kazi, Rubaiat Habib and Grossman, Tovi and Umetani, Nobuyuki and Fitzmaurice, George},
  Booktitle                = {Proceedings of the 2016 CHI Conference on Human Factors in Computing Systems},
  Year                     = {2016},

  Address                  = {New York, NY, USA},
  Pages                    = {4599--4609},
  Publisher                = {ACM},
  Series                   = {CHI '16},

  Acmid                    = {2858386},
  Doi                      = {10.1145/2858036.2858386},
  ISBN                     = {978-1-4503-3362-7},
  Keywords                 = {amplifiers, principles of animation, sketching, stylized},
  Location                 = {Santa Clara, California, USA},
  Numpages                 = {11},
  Url                      = {http://doi.acm.org/10.1145/2858036.2858386}
}

@Book{Kitagawa:2008,
  Title                    = {MoCap for Artists: Workflow and Techniques for Motion Capture},
  Author                   = {Kitagawa, Midori and Windsor, Brian},
  Publisher                = {Focal Press},
  Year                     = {2008},

  ISBN                     = {0240810007, 9780240810003}
}

@Article{Kyprianidis:2013,
  Title                    = {State of the Art: A Taxonomy of Artistic Stylization Techniques for Images and Video},
  Author                   = {Kyprianidis, Jan Eric and Collomosse, John and Wang, Tinghuai and Isenberg, Tobias},
  Journal                  = {IEEE Transactions on Visualization and Computer Graphics},
  Year                     = {2013},
  Number                   = {5},
  Pages                    = {866--885},
  Volume                   = {19},

  Acmid                    = {2479163},
  ISSN                     = {1077-2626},
  Issue_date               = {May 2013},
  Numpages                 = {20},
  Publisher                = {IEEE Educational Activities Department}
}

@InProceedings{Lee:2011,
  Title                    = {ShadowDraw: Real-time User Guidance for Freehand Drawing},
  Author                   = {Lee, Yong Jae and Zitnick, C. Lawrence and Cohen, Michael F.},
  Booktitle                = {ACM Trans. Graph.},
  Year                     = {2011},
  Number                   = {4},
  Pages                    = {27:1--27:10},
  Volume                   = {30},

  Acmid                    = {1964922},
  Articleno                = {27},
  ISBN                     = {978-1-4503-0943-1},
  Keywords                 = {interactive drawing, large scale image retrieval, shape matching},
  Location                 = {Vancouver, British Columbia, Canada},
  Numpages                 = {10}
}

@Article{Li:2017,
  Title                    = {ColorSketch: A Drawing Assistant for Generating Color Sketches from Photos},
  Author                   = {Guanbin Li and Sai Bi and Jue Wang and Yingqing Xu and Yizhou Yu},
  Journal                  = {IEEE Computer Graphics and Applications},
  Year                     = {2017},
  Number                   = {3},
  Pages                    = {70--81},
  Volume                   = {38}
}

@Article{Limpaecher:2013,
  Title                    = {Real-time Drawing Assistance Through Crowdsourcing},
  Author                   = {Limpaecher, Alex and Feltman, Nicolas and Treuille, Adrien and Cohen, Michael},
  Journal                  = {ACM Trans. Graph.},
  Year                     = {2013},

  Month                    = jul,
  Number                   = {4},
  Pages                    = {54:1--54:8},
  Volume                   = {32},

  Acmid                    = {2462016},
  Address                  = {New York, NY, USA},
  Articleno                = {54},
  Doi                      = {10.1145/2461912.2462016},
  ISSN                     = {0730-0301},
  Issue_date               = {July 2013},
  Keywords                 = {crowdsourcing, interactive drawings},
  Numpages                 = {8},
  Publisher                = {ACM},
  Url                      = {http://doi.acm.org/10.1145/2461912.2462016}
}

@InProceedings{Lin:2010,
  Title                    = {Painterly Animation Using Video Semantics and Feature Correspondence},
  Author                   = {Lin, Liang and Zeng, Kun and Lv, Han and Wang, Yizhou and Xu, Yingqing and Zhu, Song-Chun},
  Booktitle                = {Proceedings of the 8th International Symposium on Non-Photorealistic Animation and Rendering},
  Year                     = {2010},

  Address                  = {New York, NY, USA},
  Pages                    = {73--80},
  Publisher                = {ACM},
  Series                   = {NPAR '10},

  Acmid                    = {1809948},
  Doi                      = {10.1145/1809939.1809948},
  ISBN                     = {978-1-4503-0125-1},
  Keywords                 = {non-photorealistic rendering, painterly animation, video parsing},
  Location                 = {Annecy, France},
  Numpages                 = {8},
  Url                      = {http://doi.acm.org/10.1145/1809939.1809948}
}

@InProceedings{Liu2014,
  Title                    = {{Dynamic sketching: simulating the process of observational drawing}},
  Author                   = {Liu, Jingbo and Fu, Hongbo and Tai, Chiew-Lan},
  Booktitle                = {CAe Proceedings of Workshop on Computational Aesthetics},
  Year                     = {2014},

  Address                  = {Vancouver}
}

@Article{Martinez:2008,
  Title                    = {Piecewise affine kernel tracking for non-planar targets},
  Author                   = {Brais Martinez and Xavier Binefa},
  Journal                  = {Pattern Recognition },
  Year                     = {2008},
  Number                   = {12},
  Pages                    = {3682 - 3691},
  Volume                   = {41},

  ISSN                     = {0031-3203},
  Keywords                 = {Kernel-based tracking}
}

@InProceedings{Narain:2009,
  Title                    = {Aggregate Dynamics for Dense Crowd Simulation},
  Author                   = {Narain, Rahul and Golas, Abhinav and Curtis, Sean and Lin, Ming C.},
  Booktitle                = {ACM SIGGRAPH Asia 2009 Papers},
  Year                     = {2009},

  Address                  = {New York, NY, USA},
  Pages                    = {122:1--122:8},
  Publisher                = {ACM},
  Series                   = {SIGGRAPH Asia '09},

  Acmid                    = {1618468},
  Articleno                = {122},
  Doi                      = {10.1145/1661412.1618468},
  ISBN                     = {978-1-60558-858-2},
  Keywords                 = {continuum, crowds, incompressibility, planning},
  Location                 = {Yokohama, Japan},
  Numpages                 = {8},
  Url                      = {http://doi.acm.org/10.1145/1661412.1618468}
}

@Article{CGF:CGF1408,
  Title                    = {Animating Pictures of Fluid using Video Examples},
  Author                   = {Okabe, Makoto and Anjyo, Ken and Igarashi, Takeo and Seidel, Hans-Peter},
  Journal                  = {Computer Graphics Forum},
  Year                     = {2009},
  Number                   = {2},
  Pages                    = {677--686},
  Volume                   = {28},

  Doi                      = {10.1111/j.1467-8659.2009.01408.x},
  ISSN                     = {1467-8659},
  Keywords                 = {Computer Graphics [I.3.6]: Methodology and TechniquesâInteraction techniques, Image Processing and Computer Vision [I.4.8]: Scene AnalysisâMotion},
  Publisher                = {Blackwell Publishing Ltd},
  Url                      = {http://dx.doi.org/10.1111/j.1467-8659.2009.01408.x}
}

@InBook{Pan:2011,
  Title                    = {Sketch-Based Skeleton-Driven 2D Animation and Motion Capture},
  Author                   = {Pan, Junjun and Zhang, Jian J.},
  Editor                   = {Pan, Zhigeng and Cheok, Adrian David and M{\"u}ller, Wolfgang},
  Pages                    = {164--181},
  Publisher                = {Springer Berlin Heidelberg},
  Year                     = {2011},

  Address                  = {Berlin, Heidelberg},

  Booktitle                = {Transactions on Edutainment VI},
  Doi                      = {10.1007/978-3-642-22639-7_17},
  ISBN                     = {978-3-642-22639-7},
  Url                      = {http://dx.doi.org/10.1007/978-3-642-22639-7_17}
}

@Article{Park:2006,
  Title                    = {Video-guided Motion Synthesis Using Example Motions},
  Author                   = {Park, Min Je and Choi, Min Gyu and Shinagawa, Yoshihisa and Shin, Sung Yong},
  Journal                  = {ACM Trans. Graph.},
  Year                     = {2006},
  Number                   = {4},
  Pages                    = {1327--1359},
  Volume                   = {25},

  Acmid                    = {1183291},
  Address                  = {New York, NY, USA},
  ISSN                     = {0730-0301},
  Issue_date               = {October 2006},
  Keywords                 = {Computer animation, human motion reconstruction, motion reuse, nonlinear programming},
  Numpages                 = {33},
  Publisher                = {ACM}
}

@InProceedings{Pighin:2006,
  Title                    = {Facial Motion Retargeting},
  Author                   = {Pighin, Frederic and Lewis, J. P.},
  Booktitle                = {ACM SIGGRAPH 2006 Courses},
  Year                     = {2006},

  Address                  = {New York, NY, USA},
  Publisher                = {ACM},
  Series                   = {SIGGRAPH '06},

  Acmid                    = {1185842},
  Articleno                = {2},
  Doi                      = {10.1145/1185657.1185842},
  ISBN                     = {1-59593-364-6},
  Location                 = {Boston, Massachusetts},
  Url                      = {http://doi.acm.org/10.1145/1185657.1185842}
}

@InProceedings{Reynolds:1987,
  Title                    = {Flocks, Herds and Schools: A Distributed Behavioral Model},
  Author                   = {Reynolds, Craig W.},
  Booktitle                = {Proceedings of the 14th Annual Conference on Computer Graphics and Interactive Techniques},
  Year                     = {1987},

  Address                  = {New York, NY, USA},
  Pages                    = {25--34},
  Publisher                = {ACM},
  Series                   = {SIGGRAPH '87},

  Acmid                    = {37406},
  Doi                      = {10.1145/37401.37406},
  ISBN                     = {0-89791-227-6},
  Numpages                 = {10},
  Url                      = {http://doi.acm.org/10.1145/37401.37406}
}

@Article{Rother:2004,
  Title                    = {"GrabCut": Interactive Foreground Extraction Using Iterated Graph Cuts},
  Author                   = {Rother, Carsten and Kolmogorov, Vladimir and Blake, Andrew},
  Journal                  = {ACM Trans. Graph.},
  Year                     = {2004},

  Month                    = aug,
  Number                   = {3},
  Pages                    = {309--314},
  Volume                   = {23},

  Acmid                    = {1015720},
  Address                  = {New York, NY, USA},
  ISSN                     = {0730-0301},
  Issue_date               = {August 2004},
  Keywords                 = {Alpha Matting, Foreground extraction, Graph Cuts, Image Editing, Interactive Image Segmentation},
  Numpages                 = {6},
  Publisher                = {ACM}
}

@Article{sewall-hybrid11,
  Title                    = {Interactive Hybrid Simulation of Large-Scale Traffic},
  Author                   = {Jason Sewall and David Wilkie and Ming C. Lin},
  Journal                  = {ACM Transaction on Graphics (Proceedings of SIGGRAPH Asia)},
  Year                     = {2011},

  Month                    = {December},
  Number                   = {6},
  Volume                   = {30}
}

@InProceedings{Shi_1994_3266,
  Title                    = {Good Features to Track},
  Author                   = {Jianbo Shi and Carlo Tomasi},
  Booktitle                = {1994 IEEE Conference on Computer Vision and Pattern Recognition (CVPR'94)},
  Year                     = {1994},
  Pages                    = {593 - 600}
}

@Article{Sohn:2012,
  Title                    = {Sketch-n-Stretch: Sketching Animations Using Cutouts},
  Author                   = {Sohn, Eisung and Choy, Yoon-Chul},
  Journal                  = {IEEE Comput. Graph. Appl.},
  Year                     = {2012},
  Number                   = {3},
  Pages                    = {59--69},
  Volume                   = {32},

  Acmid                    = {2225184},
  Address                  = {Los Alamitos, CA, USA},
  ISSN                     = {0272-1716},
  Issue_date               = {May 2012},
  Keywords                 = {animation sketching, informal animation system, sketch-based interfaces, user-centered interface design, animation-creating tool, animation prototyping system, Web animation system, computer graphics, graphics and multimedia},
  Numpages                 = {11},
  Publisher                = {IEEE Computer Society Press}
}

@InProceedings{Su:2016,
  Title                    = {{2D-Dragger}: Unified Touch-based Target Acquisition with Constant Effective Width},
  Author                   = {Su, Qingkun and Au, Oscar Kin-Chung and Xu, Pengfei and Fu, Hongbo and Tai, Chiew-Lan},
  Booktitle                = {Proceedings of the 18th International Conference on Human-Computer Interaction with Mobile Devices and Services},
  Year                     = {2016},

  Address                  = {New York, NY, USA},
  Pages                    = {170--179},
  Publisher                = {ACM},
  Series                   = {MobileHCI '16},

  Acmid                    = {2935339},
  Doi                      = {10.1145/2935334.2935339},
  ISBN                     = {978-1-4503-4408-1},
  Keywords                 = {accessibility, effective width, target acquisition, touch input},
  Location                 = {Florence, Italy},
  Numpages                 = {10},
  Url                      = {http://doi.acm.org/10.1145/2935334.2935339}
}

@Article{EZSketching:2014,
  Title                    = {EZ-Sketching: Three-Level Optimization for Error-Tolerant Image Tracing},
  Author                   = {Qingkun Su and Wing Ho Andy Li and Jue Wang and Hongbo Fu},
  Journal                  = {ACM Trans. Graph.},
  Year                     = {2014},
  Number                   = {4},
  Pages                    = {54:1--54:9},
  Volume                   = {33}
}

@InProceedings{thies2016face,
  Title                    = {Face2Face: Real-time Face Capture and Reenactment of RGB Videos},
  Author                   = {Thies, J. and Zollh{\"o}fer, M. and Stamminger, M. and Theobalt, C. and Nie{\ss}ner, M.},
  Booktitle                = {Proc. Computer Vision and Pattern Recognition (CVPR), IEEE},
  Year                     = {2016}
}

@InProceedings{Thorne:2004,
  Title                    = {Motion Doodles: An Interface for Sketching Character Motion},
  Author                   = {Thorne, Matthew and Burke, David and van de Panne, Michiel},
  Booktitle                = {SIGGRAPH '04},
  Year                     = {2004},
  Pages                    = {424--431},
  Publisher                = {ACM},

  Acmid                    = {1015740},
  Keywords                 = {Animation, Computer Puppetry, Gestural Interfaces, Sketching},
  Location                 = {Los Angeles, California},
  Numpages                 = {8}
}

@InProceedings{Wang:2006,
  Title                    = {The Cartoon Animation Filter},
  Author                   = {Wang, Jue and Drucker, Steven M. and Agrawala, Maneesh and Cohen, Michael F.},
  Booktitle                = {ACM SIGGRAPH 2006 Papers},
  Year                     = {2006},

  Address                  = {New York, NY, USA},
  Pages                    = {1169--1173},
  Publisher                = {ACM},
  Series                   = {SIGGRAPH '06},

  Acmid                    = {1142010},
  Doi                      = {10.1145/1179352.1142010},
  ISBN                     = {1-59593-364-6},
  Location                 = {Boston, Massachusetts},
  Numpages                 = {5},
  Url                      = {http://doi.acm.org/10.1145/1179352.1142010}
}

@Article{Wang:2016,
  Title                    = {Image-Based Building Regularization Using Structural Linear Features},
  Author                   = {Wang, Jinglu and Fang, Tian and Su, Qingkun and Zhu, Siyu and Liu, Jingbo and Cai, Shengnan and Tai, Chiew-Lan and Quan, Long},
  Journal                  = {IEEE Transactions on Visualization and Computer Graphics},
  Year                     = {2016},

  Month                    = jun,
  Number                   = {6},
  Pages                    = {1760--1772},
  Volume                   = {22},

  Acmid                    = {2933444},
  Address                  = {Piscataway, NJ, USA},
  Doi                      = {10.1109/TVCG.2015.2461163},
  ISSN                     = {1077-2626},
  Issue_date               = {June 2016},
  Numpages                 = {13},
  Publisher                = {IEEE Educational Activities Department},
  Url                      = {http://dx.doi.org/10.1109/TVCG.2015.2461163}
}

@InProceedings{Wang:2004,
  Title                    = {Video Tooning},
  Author                   = {Wang, Jue and Xu, Yingqing and Shum, Heung-Yeung and Cohen, Michael F.},
  Booktitle                = {ACM Trans. Graph.},
  Year                     = {2004},
  Number                   = {3},
  Pages                    = {574--583},
  Volume                   = {23},

  Acmid                    = {1015763},
  Location                 = {Los Angeles, California},
  Numpages                 = {10}
}

@InProceedings{Yizhou:2003,
  Title                    = {Modeling textured motion: particle, wave and sketch},
  Author                   = {Yizhou Wang and S. C. Zhu},
  Booktitle                = {Computer Vision, 2003. Proceedings. Ninth IEEE International Conference on},
  Year                     = {2003},
  Month                    = {Oct},
  Pages                    = {213-220 vol.1},

  Doi                      = {10.1109/ICCV.2003.1238343}
}

@Article{Wang2008,
  Title                    = {{Optimized Scale-and-Stretch for Image Resizing}},
  Author                   = {Yu-Shuen Wang and Chiew-Lan Tai and Olga Sorkine and Tong-Yee Lee},
  Journal                  = {ACM Trans. Graph (Proceedings of SIGGRAPH Asia 2008)},
  Year                     = {2008},
  Volume                   = {27}
}

@InProceedings{posemachine,
  Title                    = {Convolutional Pose Machines},
  Author                   = {Shih-En Wei and Varun Ramakrishna and Takeo Kanade and Yaser Sheikh},
  Booktitle                = {Proc. Computer Vision and Pattern Recognition (CVPR), IEEE},
  Year                     = {2016}
}

@Article{Xing:2014,
  Title                    = {Autocomplete Painting Repetitions},
  Author                   = {Xing, Jun and Chen, Hsiang-Ting and Wei, Li-Yi},
  Journal                  = {ACM Trans. Graph.},
  Year                     = {2014},
  Number                   = {6},
  Pages                    = {172:1--172:11},
  Volume                   = {33},

  Acmid                    = {2661247},
  Address                  = {New York, NY, USA},
  Articleno                = {172},
  ISSN                     = {0730-0301},
  Issue_date               = {November 2014},
  Keywords                 = {analysis, autocomplete, context, digital painting, editing history, repetition, synthesis, texture, user interface, workflow},
  Numpages                 = {11},
  Publisher                = {ACM}
}

@InProceedings{Xing:2016,
  Title                    = {Energy-Brushes: Interactive Tools for Illustrating Stylized Elemental Dynamics},
  Author                   = {Xing, Jun and Kazi, Rubaiat Habib and Grossman, Tovi and Wei, Li-Yi and Stam, Jos and Fitzmaurice, George},
  Booktitle                = {UIST '16},
  Year                     = {2016},
  Pages                    = {755--766},

  Acmid                    = {2984585},
  ISBN                     = {978-1-4503-4189-9},
  Keywords                 = {casual animation, dynamics, interactive illustrations, sketching},
  Location                 = {Tokyo, Japan},
  Numpages                 = {12}
}

@Article{Xing:2015,
  Title                    = {Autocomplete Hand-drawn Animations},
  Author                   = {Xing, Jun and Wei, Li-Yi and Shiratori, Takaaki and Yatani, Koji},
  Journal                  = {ACM Trans. Graph.},
  Year                     = {2015},
  Number                   = {6},
  Pages                    = {169:1--169:11},
  Volume                   = {34},

  Acmid                    = {2818079},
  Address                  = {New York, NY, USA},
  Articleno                = {169},
  ISSN                     = {0730-0301},
  Issue_date               = {November 2015},
  Keywords                 = {analysis, animation, auto-complete, beautification, deformation, drawing, synthesis, user interface, workflow},
  Numpages                 = {11},
  Publisher                = {ACM}
}

@Article{Xu2012,
  Title                    = {{Lazy Selection: A Scribble-based Tool for Smart Shape Elements Selection}},
  Author                   = {Xu, Pengfei and Fu, Hongbo and Au, Oscar Kin-Chung and Tai, Chiew-Lan},
  Journal                  = {ACM Transactions on Graphics (SIGGRAPH Asia issue)},
  Year                     = {2012},
  Volume                   = {31},

  Doi                      = {10.1145/1360612.1360643},
  ISSN                     = {07300301}
}

@InProceedings{Xu2014,
  Title                    = {{Global Beautification of Layouts wth Interactive Ambiguity Resolution}},
  Author                   = {Xu, Pengfei and Fu, Hongbo and Igarashi, Takeo and Tai, Chiew-Lan},
  Booktitle                = {ACM User Interface Software and Technology Symposium},
  Year                     = {2014},

  Address                  = {Hawaii}
}

@InProceedings{Xu2015,
  Title                    = {{GACA}: Group-aware command-based arrangement of graphic elements},
  Author                   = {Pengfei Xu and Hongbo Fu and Chiew-Lan Tai and Takeo Igarashi},
  Booktitle                = {Proceedings of CHI '15},
  Year                     = {2015}
}

@Article{yilmaz2006object,
  Title                    = {Object tracking: A survey},
  Author                   = {Yilmaz, Alper and Javed, Omar and Shah, Mubarak},
  Journal                  = {Acm computing surveys (CSUR)},
  Year                     = {2006},
  Number                   = {4},
  Pages                    = {13},
  Volume                   = {38},

  Publisher                = {Acm}
}

@InProceedings{Zhang:2013,
  Title                    = {Structure preserving object tracking},
  Author                   = {Zhang, Lu and van der Maaten, Laurens},
  Booktitle                = {Proceedings of the IEEE conference on computer vision and pattern recognition},
  Year                     = {2013},
  Pages                    = {1838--1845}
}

@Article{Zhang:2009,
  Title                    = {Video-based running water animation in Chinese painting style},
  Author                   = {Zhang, SongHai and Chen, Tao and Zhang, YiFei and Hu, ShiMin and Martin, Ralph},
  Journal                  = {Science in China Series F: Information Sciences},
  Year                     = {2009},
  Number                   = {2},
  Pages                    = {162--171},
  Volume                   = {52}
}

@Article{Zhou:2005,
  Title                    = {Large Mesh Deformation Using the Volumetric Graph Laplacian},
  Author                   = {Zhou, Kun and Huang, Jin and Snyder, John and Liu, Xinguo and Bao, Hujun and Guo, Baining and Shum, Heung-Yeung},
  Journal                  = {ACM Trans. Graph.},
  Year                     = {2005},
  Number                   = {3},
  Pages                    = {496--503},
  Volume                   = {24},

  Acmid                    = {1073219},
  Address                  = {New York, NY, USA},
  ISSN                     = {0730-0301},
  Issue_date               = {July 2005},
  Keywords                 = {deformation retargeting, differential domain methods, local transform propagation, volumetric details},
  Numpages                 = {8},
  Publisher                = {ACM}
}

@inproceedings{Chen:2012,
	author = {Chen, Jiawen and Izadi, Shahram and Fitzgibbon, Andrew},
	title = {Kin\^{E}Tre: Animating the World with the Human Body},
	booktitle = {Proceedings of the 25th Annual ACM Symposium on User Interface Software and Technology},
	series = {UIST '12},
	year = {2012},
	isbn = {978-1-4503-1580-7},
	location = {Cambridge, Massachusetts, USA},
	pages = {435--444},
	numpages = {10},
	url = {http://doi.acm.org/10.1145/2380116.2380171},
	doi = {10.1145/2380116.2380171},
	acmid = {2380171},
	publisher = {ACM},
	address = {New York, NY, USA},
	keywords = {3d interfaces, depth cameras, mesh animation, real-time},
} 

@inproceedings{Reinert:2016,
	author = {Reinert, Bernhard and Ritschel, Tobias and Seidel, Hans-Peter},
	title = {Animated 3D Creatures from Single-view Video by Skeletal Sketching},
	booktitle = {Proceedings of the 42Nd Graphics Interface Conference},
	series = {GI '16},
	year = {2016},
	isbn = {978-0-9947868-1-4},
	location = {Victoria, British Columbia, Canada},
	pages = {133--141},
	numpages = {9},
	url = {https://doi.org/10.20380/GI2016.17},
	doi = {10.20380/GI2016.17},
	acmid = {3076159},
	publisher = {Canadian Human-Computer Communications Society},
	address = {School of Computer Science, University of Waterloo, Waterloo, Ontario, Canada},
} 